<record><leader>00000cas a22000007a 4500</leader><controlfield tag="001">10106673</controlfield><controlfield tag="008">831108d18911917ksuwr ne      0   a0eng d</controlfield><datafield ind1=" " ind2=" " tag="010"><subfield code="a">sn 83040911 </subfield></datafield><datafield ind1=" " ind2=" " tag="040"><subfield code="a">KSH</subfield><subfield code="b">eng</subfield><subfield code="c">KSH</subfield><subfield code="d">NPT</subfield><subfield code="d">OCLCQ</subfield></datafield><datafield ind1=" " ind2=" " tag="042"><subfield code="a">msc</subfield></datafield><datafield ind1=" " ind2=" " tag="043"><subfield code="a">n-us-ks</subfield></datafield><datafield ind1="0" ind2=" " tag="130"><subfield code="a">Clay Center dispatch (Clay Center, Kan. : 1891)</subfield></datafield><datafield ind1="1" ind2="4" tag="245"><subfield code="a">The Clay Center dispatch.</subfield></datafield><datafield ind1=" " ind2=" " tag="260"><subfield code="a">Clay Center, Kan. :</subfield><subfield code="b">Bion S. Hutchins,</subfield><subfield code="c">1891-</subfield></datafield><datafield ind1=" " ind2=" " tag="300"><subfield code="a">v. ;</subfield><subfield code="c">54-68 cm.</subfield></datafield><datafield ind1=" " ind2=" " tag="310"><subfield code="a">Weekly</subfield></datafield><datafield ind1="0" ind2=" " tag="362"><subfield code="a">Vol. 20, no. 1 (Feb 19, 1891)-</subfield></datafield><datafield ind1="1" ind2=" " tag="362"><subfield code="a">Ceased with May 24, 1917 issue?</subfield></datafield><datafield ind1=" " ind2=" " tag="500"><subfield code="a">"Republican." Cf. Ayer, 1891.</subfield></datafield><datafield ind1=" " ind2=" " tag="500"><subfield code="a">Jan 29, 1914 issue called: "The Industrial edition of The Clay Center Dispatch."</subfield></datafield><datafield ind1=" " ind2=" " tag="500"><subfield code="a">Editor: Bion S. Hutchins.</subfield></datafield><datafield ind1=" " ind2=" " tag="525"><subfield code="a">Supplements accompany some issues.</subfield></datafield><datafield ind1="1" ind2=" " tag="700"><subfield code="a">Hutchins, Bion S.</subfield><subfield code="q">(Bion Shepard)</subfield></datafield><datafield ind1=" " ind2=" " tag="752"><subfield code="a">United States</subfield><subfield code="b">Kansas</subfield><subfield code="c">Clay</subfield><subfield code="d">Clay Center.</subfield></datafield><datafield ind1="0" ind2="0" tag="780"><subfield code="t">Dispatch (Clay Center, Kan.)</subfield><subfield code="w">(DLC)sn 83040896</subfield></datafield><datafield ind1="0" ind2="5" tag="780"><subfield code="t">Weekly sun (Clay Center, Kan.)</subfield><subfield code="g">Mar. 1892</subfield><subfield code="w">(DLC)sn 86064516</subfield></datafield></record>